@article{unparsedpatterns,
title = "Theory and practice of unparsed patterns for metacompilation",
journal = "Science of Computer Programming",
volume = "75",
number = "3",
pages = "85 - 105",
year = "2010",
issn = "0167-6423",
doi = "https://doi.org/10.1016/j.scico.2009.09.011",
url = "http://www.sciencedirect.com/science/article/pii/S0167642309001294",
author = "Christian Rinderknecht and Nic Volanschi",
keywords = "Pattern matching, Tree pattern, Code checking, Metacompilation, Formal methods",
}